@inproceedings{kang2018self,
  title={Self-attentive sequential recommendation},
  author={Kang, Wang-Cheng and McAuley, Julian},
  booktitle={2018 IEEE International Conference on Data Mining (ICDM)},
  pages={197--206},
  year={2018},
  organization={IEEE}
}

@misc{jAlammar1,
	author = {Jay Alammar},
	title = {{The Illustrated Transformer}},
	year = {2018},
	howpublished = {\url{http://jalammar.github.io/illustrated-transformer/}},
	note = {}
}

@misc{jAlammar2,
	author = {Jay Alammar},
	title = {{Mechanics of seq2seq model with Attention}},
	year = {2018},
	howpublished = {\url{https://jalammar.github.io/visualizing-neural-machine-translation-mechanics-of-seq2seq-models-with-attention/}},
	note = {}
}

@misc{kkurita,
	author = {keitakurita},
	title = {{Weight Normalization and Layer Normalization explained}},
	year = {2018},
	howpublished = {\url{https://mlexplained.com/2018/01/13/weight-normalization-and-layer-normalization-explained-normalization-in-deep-learning-part-2/}},
	note = {}
}